%% This BibTeX bibliography file was created using BibDesk.
%% http://bibdesk.sourceforge.net/


%% Created for Ryan Hass at 2008-11-13 22:21:12 -0800 


%% Saved with string encoding Unicode (UTF-8) 



@article{FHS,
	Abstract = {Katsevich's inversion formula for helical tomography is explored in the limit of vanishing pitch, yielding a general reconstruction formula for fan-beam tomography. The relationship of this formula to other formulas in the literature is explored and a rigorous proof of a rebinning formula relating parallel-beam and fan-beam tomography is given. For the case of curved detector coordinates several numerical implementations of this formula and a related fan-beam formula are proposed, numerically implemented, and compared with the standard fan-beam algorithm. This gives insight into some numerical questions also encountered in the three-dimensional case, including a theoretical explanation of the usefulness of a shift in the convolution kernel for removal of ringing artifacts. A new discretization scheme for the derivatives is suggested and shown to be promising in both two and three dimensions. Numerical experiments with simulated as well as real data are presented.},
	Author = {A Faridani and Ryan Hass and D C Solmon},
	Date-Added = {2008-11-13 22:20:34 -0800},
	Date-Modified = {2008-11-13 22:21:08 -0800},
	Journal = {Journal of Physics: Conference Series},
	Pages = {012024 (20pp)},
	Title = {Numerical and theoretical explorations in helical and fan-beam tomography},
	Url = {http://stacks.iop.org/1742-6596/124/012024},
	Volume = {124},
	Year = {2008},
	Bdsk-Url-1 = {http://stacks.iop.org/1742-6596/124/012024}}

@book{atkinson,
	Acknowledgement = ack-nhfb,
	Address = pub-WILEY:adr,
	Author = {Kendall E. Atkinson},
	Date-Added = {2008-11-10 10:51:39 -0800},
	Date-Modified = {2008-11-10 10:52:18 -0800},
	Edition = {Third},
	Keywords = {numerical analysis},
	Publisher = pub-WILEY,
	Title = {Elementary numerical analysis},
	Year = {2004}}

@book{natterer,
	Address = {Philadelphia, PA, USA},
	Author = {Frank Natterer and Frank Wubbeling},
	Date-Added = {2008-05-13 19:38:15 -0700},
	Date-Modified = {2008-10-03 10:42:09 -0700},
	Isbn = {0-89871-472-9},
	Publisher = {Society for Industrial and Applied Mathematics},
	Title = {Mathematical methods in image reconstruction},
	Year = {2001}}

@article{YeWang,
	Author = {Yangbo Ye and Ge Wang},
	Date-Added = {2008-05-13 19:33:26 -0700},
	Date-Modified = {2008-05-13 19:34:15 -0700},
	Journal = {Medical Physics},
	Month = {January},
	Number = {1},
	Pages = {42-48},
	Title = {Filtered backprojection formula for exact image reconstruction from cone-beam data along a general scanning curve},
	Volume = {32},
	Year = {2005},
	Bdsk-File-1 = {YnBsaXN0MDDUAQIDBAUGCQpYJHZlcnNpb25UJHRvcFkkYXJjaGl2ZXJYJG9iamVjdHMSAAGGoNE
HCFRyb290gAFfEA9OU0tleWVkQXJjaGl2ZXKoCwwXGBkdJCVVJG51bGzTDQ4PEBEUViRjbGFzc1
dOUy5rZXlzWk5TLm9iamVjdHOAB6ISE4ACgAOiFRaABIAGWWFsaWFzRGF0YVxyZWxhdGl2ZVBhd
GjSDRobHFdOUy5kYXRhgAVPEQGcAAAAAAGcAAIAAAZiaXRib3gAAAAAAAAAAAAAAAAAAAAAAAAA
AADBcRzJSCsAAABwilUKWWVXYW5nLnBkZgAAAAAAAAAAAAAAAAAAAAAAAAAAAAAAAAAAAAAAAAA
AAAAAAAAAAAAAAAAAAAAAAAAAAAAAAHCKcMJBp3QAAAAAAAAAAAABAAIAAAkgAAAAAAAAAAAAAA
AAAAAAEWhlbGljYWwgQ1QgcGFwZXJzAAAQAAgAAMFxjUkAAAARAAgAAMJCCeQAAAABABQAcIpVA
HB+nwBwfWUAcHlaAABvGQACAEFiaXRib3g6VXNlcnM6aGFzc3I6RG9jdW1lbnRzOkNvdXJzZXM6
aGVsaWNhbCBDVCBwYXBlcnM6WWVXYW5nLnBkZgAADgAWAAoAWQBlAFcAYQBuAGcALgBwAGQAZgA
PAA4ABgBiAGkAdABiAG8AeAASADpVc2Vycy9oYXNzci9Eb2N1bWVudHMvQ291cnNlcy9oZWxpY2
FsIENUIHBhcGVycy9ZZVdhbmcucGRmABMAAS8AABUAAgAM//8AANIeHyAhWCRjbGFzc2VzWiRjb
GFzc25hbWWjISIjXU5TTXV0YWJsZURhdGFWTlNEYXRhWE5TT2JqZWN0XxAfLi4vaGVsaWNhbCBD
VCBwYXBlcnMvWWVXYW5nLnBkZtIeHyYnoicjXE5TRGljdGlvbmFyeQAIABEAGgAfACkAMgA3ADo
APwBBAFMAXABiAGkAcAB4AIMAhQCIAIoAjACPAJEAkwCdAKoArwC3ALkCWQJeAmcCcgJ2AoQCiw
KUArYCuwK+AAAAAAAAAgEAAAAAAAAAKAAAAAAAAAAAAAAAAAAAAss=}}

@article{katsevich:2012,
	Author = {Alexander Katsevich},
	Date-Added = {2008-05-13 19:31:17 -0700},
	Date-Modified = {2008-05-13 19:31:17 -0700},
	Doi = {10.1137/S0036139901387186},
	Journal = {SIAM Journal on Applied Mathematics},
	Keywords = {cone beam; spiral tomography; theoretically exact reconstruction; filtered backprojection algorithm},
	Number = {6},
	Pages = {2012-2026},
	Publisher = {SIAM},
	Title = {Theoretically Exact Filtered Backprojection-Type Inversion Algorithm for Spiral CT},
	Url = {http://link.aip.org/link/?SMM/62/2012/1},
	Volume = {62},
	Year = {2002},
	Bdsk-File-1 = {YnBsaXN0MDDUAQIDBAUGCQpYJHZlcnNpb25UJHRvcFkkYXJjaGl2ZXJYJG9iamVjdHMSAAGGoNE
HCFRyb290gAFfEA9OU0tleWVkQXJjaGl2ZXKoCwwXGBkdJCVVJG51bGzTDQ4PEBEUViRjbGFzc1
dOUy5rZXlzWk5TLm9iamVjdHOAB6ISE4ACgAOiFRaABIAGWWFsaWFzRGF0YVxyZWxhdGl2ZVBhd
GjSDRobHFdOUy5kYXRhgAVPEQGoAAAAAAGoAAIAAAZiaXRib3gAAAAAAAAAAAAAAAAAAAAAAAAA
AADBcRzJSCsAAABwilUNU01NMDAyMDEyLnBkZgAAAAAAAAAAAAAAAAAAAAAAAAAAAAAAAAAAAAA
AAAAAAAAAAAAAAAAAAAAAAAAAAAAAAHCKbcH3nA8AAAAAAAAAAAABAAIAAAkgAAAAAAAAAAAAAA
AAAAAAEWhlbGljYWwgQ1QgcGFwZXJzAAAQAAgAAMFxjUkAAAARAAgAAMH4DI8AAAABABQAcIpVA
HB+nwBwfWUAcHlaAABvGQACAERiaXRib3g6VXNlcnM6aGFzc3I6RG9jdW1lbnRzOkNvdXJzZXM6
aGVsaWNhbCBDVCBwYXBlcnM6U01NMDAyMDEyLnBkZgAOABwADQBTAE0ATQAwADAAMgAwADEAMgA
uAHAAZABmAA8ADgAGAGIAaQB0AGIAbwB4ABIAPVVzZXJzL2hhc3NyL0RvY3VtZW50cy9Db3Vyc2
VzL2hlbGljYWwgQ1QgcGFwZXJzL1NNTTAwMjAxMi5wZGYAABMAAS8AABUAAgAM//8AANIeHyAhW
CRjbGFzc2VzWiRjbGFzc25hbWWjISIjXU5TTXV0YWJsZURhdGFWTlNEYXRhWE5TT2JqZWN0XxAi
Li4vaGVsaWNhbCBDVCBwYXBlcnMvU01NMDAyMDEyLnBkZtIeHyYnoicjXE5TRGljdGlvbmFyeQA
IABEAGgAfACkAMgA3ADoAPwBBAFMAXABiAGkAcAB4AIMAhQCIAIoAjACPAJEAkwCdAKoArwC3AL
kCZQJqAnMCfgKCApAClwKgAsUCygLNAAAAAAAAAgEAAAAAAAAAKAAAAAAAAAAAAAAAAAAAAto=},
	Bdsk-Url-1 = {http://link.aip.org/link/?SMM/62/2012/1},
	Bdsk-Url-2 = {http://dx.doi.org/10.1137/S0036139901387186}}

@article{Tam,
	Author = {K C Tam, J Hu, and K Sourbelle},
	Date-Added = {2008-05-13 19:26:45 -0700},
	Date-Modified = {2008-05-13 19:28:25 -0700},
	Journal = {Physics in Medicine and Biology},
	Month = {June},
	Number = {11},
	Pages = {2453-2462},
	Title = {Spiral scan long object reconstruction through PI line reconstruction},
	Volume = {49},
	Year = {2004},
	Bdsk-File-1 = {YnBsaXN0MDDUAQIDBAUGCQpYJHZlcnNpb25UJHRvcFkkYXJjaGl2ZXJYJG9iamVjdHMSAAGGoNE
HCFRyb290gAFfEA9OU0tleWVkQXJjaGl2ZXKoCwwXGBkdJCVVJG51bGzTDQ4PEBEUViRjbGFzc1
dOUy5rZXlzWk5TLm9iamVjdHOAB6ISE4ACgAOiFRaABIAGWWFsaWFzRGF0YVxyZWxhdGl2ZVBhd
GjSDRobHFdOUy5kYXRhgAVPEQGwAAAAAAGwAAIAAAZiaXRib3gAAAAAAAAAAAAAAAAAAAAAAAAA
AADBcRzJSCsAAABwilUPcG1iNF8xMV8wMjMucGRmAAAAAAAAAAAAAAAAAAAAAAAAAAAAAAAAAAA
AAAAAAAAAAAAAAAAAAAAAAAAAAAAAAHCKZsOtAIoAAAAAAAAAAAABAAIAAAkgAAAAAAAAAAAAAA
AAAAAAEWhlbGljYWwgQ1QgcGFwZXJzAAAQAAgAAMFxjUkAAAARAAgAAMOtcQoAAAABABQAcIpVA
HB+nwBwfWUAcHlaAABvGQACAEZiaXRib3g6VXNlcnM6aGFzc3I6RG9jdW1lbnRzOkNvdXJzZXM6
aGVsaWNhbCBDVCBwYXBlcnM6cG1iNF8xMV8wMjMucGRmAA4AIAAPAHAAbQBiADQAXwAxADEAXwA
wADIAMwAuAHAAZABmAA8ADgAGAGIAaQB0AGIAbwB4ABIAP1VzZXJzL2hhc3NyL0RvY3VtZW50cy
9Db3Vyc2VzL2hlbGljYWwgQ1QgcGFwZXJzL3BtYjRfMTFfMDIzLnBkZgAAEwABLwAAFQACAAz//
wAA0h4fICFYJGNsYXNzZXNaJGNsYXNzbmFtZaMhIiNdTlNNdXRhYmxlRGF0YVZOU0RhdGFYTlNP
YmplY3RfECQuLi9oZWxpY2FsIENUIHBhcGVycy9wbWI0XzExXzAyMy5wZGbSHh8mJ6InI1xOU0R
pY3Rpb25hcnkACAARABoAHwApADIANwA6AD8AQQBTAFwAYgBpAHAAeACDAIUAiACKAIwAjwCRAJ
MAnQCqAK8AtwC5Am0CcgJ7AoYCigKYAp8CqALPAtQC1wAAAAAAAAIBAAAAAAAAACgAAAAAAAAAA
AAAAAAAAALk}}

@article{Noo2002,
	Author = {Fr{\'e}d{\'e}ric Noo, Jed Pack, Dominic Heuscher},
	Date-Added = {2008-05-13 19:24:54 -0700},
	Date-Modified = {2008-05-13 19:26:30 -0700},
	Journal = {Physics in Medicine and Biology},
	Number = {23},
	Pages = {3787-3818},
	Title = {Exact helical reconstruction using native cone-beam geometries},
	Volume = {48},
	Year = {2003},
	Bdsk-File-1 = {YnBsaXN0MDDUAQIDBAUGCQpYJHZlcnNpb25UJHRvcFkkYXJjaGl2ZXJYJG9iamVjdHMSAAGGoNE
HCFRyb290gAFfEA9OU0tleWVkQXJjaGl2ZXKoCwwXGBkdJCVVJG51bGzTDQ4PEBEUViRjbGFzc1
dOUy5rZXlzWk5TLm9iamVjdHOAB6ISE4ACgAOiFRaABIAGWWFsaWFzRGF0YVxyZWxhdGl2ZVBhd
GjSDRobHFdOUy5kYXRhgAVPEQHIAAAAAAHIAAIAAAZiaXRib3gAAAAAAAAAAAAAAAAAAAAAAAAA
AADBcRzJSCsAAABwilUVTm9vIFBhY2sgSGV1c2NoZXIucGRmAAAAAAAAAAAAAAAAAAAAAAAAAAA
AAAAAAAAAAAAAAAAAAAAAAAAAAAAAAHCKZcK0GlAAAAAAAAAAAAABAAIAAAkgAAAAAAAAAAAAAA
AAAAAAEWhlbGljYWwgQ1QgcGFwZXJzAAAQAAgAAMFxjUkAAAARAAgAAMK0fMAAAAABABQAcIpVA
HB+nwBwfWUAcHlaAABvGQACAExiaXRib3g6VXNlcnM6aGFzc3I6RG9jdW1lbnRzOkNvdXJzZXM6
aGVsaWNhbCBDVCBwYXBlcnM6Tm9vIFBhY2sgSGV1c2NoZXIucGRmAA4ALAAVAE4AbwBvACAAUAB
hAGMAawAgAEgAZQB1AHMAYwBoAGUAcgAuAHAAZABmAA8ADgAGAGIAaQB0AGIAbwB4ABIARVVzZX
JzL2hhc3NyL0RvY3VtZW50cy9Db3Vyc2VzL2hlbGljYWwgQ1QgcGFwZXJzL05vbyBQYWNrIEhld
XNjaGVyLnBkZgAAEwABLwAAFQACAAz//wAA0h4fICFYJGNsYXNzZXNaJGNsYXNzbmFtZaMhIiNd
TlNNdXRhYmxlRGF0YVZOU0RhdGFYTlNPYmplY3RfECouLi9oZWxpY2FsIENUIHBhcGVycy9Ob28
gUGFjayBIZXVzY2hlci5wZGbSHh8mJ6InI1xOU0RpY3Rpb25hcnkACAARABoAHwApADIANwA6AD
8AQQBTAFwAYgBpAHAAeACDAIUAiACKAIwAjwCRAJMAnQCqAK8AtwC5AoUCigKTAp4CogKwArcCw
ALtAvIC9QAAAAAAAAIBAAAAAAAAACgAAAAAAAAAAAAAAAAAAAMC}}

@article{kat2002,
	Author = {Alexander Katsevich},
	Date-Added = {2008-05-13 19:22:53 -0700},
	Date-Modified = {2008-05-13 19:23:51 -0700},
	Journal = {Physics in Medicine and Biology},
	Pages = {2583-2597},
	Title = {Analysis of an exact inversion algorithm for spiral cone-beam CT},
	Volume = {47},
	Year = {2002},
	Bdsk-File-1 = {YnBsaXN0MDDUAQIDBAUGCQpYJHZlcnNpb25UJHRvcFkkYXJjaGl2ZXJYJG9iamVjdHMSAAGGoNE
HCFRyb290gAFfEA9OU0tleWVkQXJjaGl2ZXKoCwwXGBkdJCVVJG51bGzTDQ4PEBEUViRjbGFzc1
dOUy5rZXlzWk5TLm9iamVjdHOAB6ISE4ACgAOiFRaABIAGWWFsaWFzRGF0YVxyZWxhdGl2ZVBhd
GjSDRobHFdOUy5kYXRhgAVPEQGcAAAAAAGcAAIAAAZiaXRib3gAAAAAAAAAAAAAAAAAAAAAAAAA
AADBcRzJSCsAAABwilUKbTIxNTAyLnBkZgAAAAAAAAAAAAAAAAAAAAAAAAAAAAAAAAAAAAAAAAA
AAAAAAAAAAAAAAAAAAAAAAAAAAAAAAHCKZLlb00gAAAAAAAAAAAABAAIAAAkgAAAAAAAAAAAAAA
AAAAAAEWhlbGljYWwgQ1QgcGFwZXJzAAAQAAgAAMFxjUkAAAARAAgAALlcNbgAAAABABQAcIpVA
HB+nwBwfWUAcHlaAABvGQACAEFiaXRib3g6VXNlcnM6aGFzc3I6RG9jdW1lbnRzOkNvdXJzZXM6
aGVsaWNhbCBDVCBwYXBlcnM6bTIxNTAyLnBkZgAADgAWAAoAbQAyADEANQAwADIALgBwAGQAZgA
PAA4ABgBiAGkAdABiAG8AeAASADpVc2Vycy9oYXNzci9Eb2N1bWVudHMvQ291cnNlcy9oZWxpY2
FsIENUIHBhcGVycy9tMjE1MDIucGRmABMAAS8AABUAAgAM//8AANIeHyAhWCRjbGFzc2VzWiRjb
GFzc25hbWWjISIjXU5TTXV0YWJsZURhdGFWTlNEYXRhWE5TT2JqZWN0XxAfLi4vaGVsaWNhbCBD
VCBwYXBlcnMvbTIxNTAyLnBkZtIeHyYnoicjXE5TRGljdGlvbmFyeQAIABEAGgAfACkAMgA3ADo
APwBBAFMAXABiAGkAcAB4AIMAhQCIAIoAjACPAJEAkwCdAKoArwC3ALkCWQJeAmcCcgJ2AoQCiw
KUArYCuwK+AAAAAAAAAgEAAAAAAAAAKAAAAAAAAAAAAAAAAAAAAss=}}

@article{Defrise,
	Author = {Michel Defrise, Fr{\'e}d{\'e}ric Noo and Hiroyuki Kudo},
	Date-Added = {2008-05-13 19:19:54 -0700},
	Date-Modified = {2008-05-13 19:21:27 -0700},
	Journal = {Physics in Medicine and Biology},
	Pages = {623-643},
	Title = {A solution to the long-object problem in helical cone-beam tomography A solution to the long-object problem in helical cone-beam tomography},
	Volume = {45},
	Year = {2000},
	Bdsk-File-1 = {YnBsaXN0MDDUAQIDBAUGCQpYJHZlcnNpb25UJHRvcFkkYXJjaGl2ZXJYJG9iamVjdHMSAAGGoNE
HCFRyb290gAFfEA9OU0tleWVkQXJjaGl2ZXKoCwwXGBkdJCVVJG51bGzTDQ4PEBEUViRjbGFzc1
dOUy5rZXlzWk5TLm9iamVjdHOAB6ISE4ACgAOiFRaABIAGWWFsaWFzRGF0YVxyZWxhdGl2ZVBhd
GjSDRobHFdOUy5kYXRhgAVPEQGcAAAAAAGcAAIAAAZiaXRib3gAAAAAAAAAAAAAAAAAAAAAAAAA
AADBcRzJSCsAAABwilUKbTAwMzA1LnBkZgAAAAAAAAAAAAAAAAAAAAAAAAAAAAAAAAAAAAAAAAA
AAAAAAAAAAAAAAAAAAAAAAAAAAAAAAHCKY8J2bt8AAAAAAAAAAAABAAIAAAkgAAAAAAAAAAAAAA
AAAAAAEWhlbGljYWwgQ1QgcGFwZXJzAAAQAAgAAMFxjUkAAAARAAgAAMJ20U8AAAABABQAcIpVA
HB+nwBwfWUAcHlaAABvGQACAEFiaXRib3g6VXNlcnM6aGFzc3I6RG9jdW1lbnRzOkNvdXJzZXM6
aGVsaWNhbCBDVCBwYXBlcnM6bTAwMzA1LnBkZgAADgAWAAoAbQAwADAAMwAwADUALgBwAGQAZgA
PAA4ABgBiAGkAdABiAG8AeAASADpVc2Vycy9oYXNzci9Eb2N1bWVudHMvQ291cnNlcy9oZWxpY2
FsIENUIHBhcGVycy9tMDAzMDUucGRmABMAAS8AABUAAgAM//8AANIeHyAhWCRjbGFzc2VzWiRjb
GFzc25hbWWjISIjXU5TTXV0YWJsZURhdGFWTlNEYXRhWE5TT2JqZWN0XxAfLi4vaGVsaWNhbCBD
VCBwYXBlcnMvbTAwMzA1LnBkZtIeHyYnoicjXE5TRGljdGlvbmFyeQAIABEAGgAfACkAMgA3ADo
APwBBAFMAXABiAGkAcAB4AIMAhQCIAIoAjACPAJEAkwCdAKoArwC3ALkCWQJeAmcCcgJ2AoQCiw
KUArYCuwK+AAAAAAAAAgEAAAAAAAAAKAAAAAAAAAAAAAAAAAAAAss=}}

@article{kat,
	Author = {Alexander Katsevich},
	Date-Added = {2008-05-13 19:15:48 -0700},
	Date-Modified = {2008-05-13 19:17:05 -0700},
	Journal = {Journal of Fourier Analysis and Applications},
	Month = {February},
	Number = {1},
	Pages = {85-105},
	Title = {Stability Estimates for Helical Computer Tomography},
	Volume = {11},
	Year = {2005},
	Bdsk-File-1 = {YnBsaXN0MDDUAQIDBAUGCQpYJHZlcnNpb25UJHRvcFkkYXJjaGl2ZXJYJG9iamVjdHMSAAGGoNE
HCFRyb290gAFfEA9OU0tleWVkQXJjaGl2ZXKoCwwXGBkdJCVVJG51bGzTDQ4PEBEUViRjbGFzc1
dOUy5rZXlzWk5TLm9iamVjdHOAB6ISE4ACgAOiFRaABIAGWWFsaWFzRGF0YVxyZWxhdGl2ZVBhd
GjSDRobHFdOUy5kYXRhgAVPEQHoAAAAAAHoAAIAAAZiaXRib3gAAAAAAAAAAAAAAAAAAAAAAAAA
AADBcRzJSCsAAABwilUdS2F0c2V2aWNoU3RhYmlsaXR5SGVsaWNhbC5wZGYAAAAAAAAAAAAAAAA
AAAAAAAAAAAAAAAAAAAAAAAAAAAAAAHCKYcOzqh0AAAAAAAAAAAABAAIAAAkgAAAAAAAAAAAAAA
AAAAAAEWhlbGljYWwgQ1QgcGFwZXJzAAAQAAgAAMFxjUkAAAARAAgAAMO0Gp0AAAABABQAcIpVA
HB+nwBwfWUAcHlaAABvGQACAFRiaXRib3g6VXNlcnM6aGFzc3I6RG9jdW1lbnRzOkNvdXJzZXM6
aGVsaWNhbCBDVCBwYXBlcnM6S2F0c2V2aWNoU3RhYmlsaXR5SGVsaWNhbC5wZGYADgA8AB0ASwB
hAHQAcwBlAHYAaQBjAGgAUwB0AGEAYgBpAGwAaQB0AHkASABlAGwAaQBjAGEAbAAuAHAAZABmAA
8ADgAGAGIAaQB0AGIAbwB4ABIATVVzZXJzL2hhc3NyL0RvY3VtZW50cy9Db3Vyc2VzL2hlbGljY
WwgQ1QgcGFwZXJzL0thdHNldmljaFN0YWJpbGl0eUhlbGljYWwucGRmAAATAAEvAAAVAAIADP//
AADSHh8gIVgkY2xhc3Nlc1okY2xhc3NuYW1loyEiI11OU011dGFibGVEYXRhVk5TRGF0YVhOU09
iamVjdF8QMi4uL2hlbGljYWwgQ1QgcGFwZXJzL0thdHNldmljaFN0YWJpbGl0eUhlbGljYWwucG
Rm0h4fJieiJyNcTlNEaWN0aW9uYXJ5AAgAEQAaAB8AKQAyADcAOgA/AEEAUwBcAGIAaQBwAHgAg
wCFAIgAigCMAI8AkQCTAJ0AqgCvALcAuQKlAqoCswK+AsIC0ALXAuADFQMaAx0AAAAAAAACAQAA
AAAAAAAoAAAAAAAAAAAAAAAAAAADKg==}}

@article{improvedKatsevich,
	Author = {ALEXANDER KATSEVICH},
	Date-Added = {2008-05-13 19:13:10 -0700},
	Date-Modified = {2008-05-13 19:15:47 -0700},
	Journal = {Advances In Applied Mathematics},
	Month = {May},
	Number = {4},
	Pages = {681-697},
	Title = {IMPROVED EXACT FBP ALGORITHM FOR SPIRAL CT},
	Volume = {32},
	Year = {2004},
	Bdsk-File-1 = {YnBsaXN0MDDUAQIDBAUGCQpYJHZlcnNpb25UJHRvcFkkYXJjaGl2ZXJYJG9iamVjdHMSAAGGoNE
HCFRyb290gAFfEA9OU0tleWVkQXJjaGl2ZXKoCwwXGBkdJCVVJG51bGzTDQ4PEBEUViRjbGFzc1
dOUy5rZXlzWk5TLm9iamVjdHOAB6ISE4ACgAOiFRaABIAGWWFsaWFzRGF0YVxyZWxhdGl2ZVBhd
GjSDRobHFdOUy5kYXRhgAVPEQHMAAAAAAHMAAIAAAZiaXRib3gAAAAAAAAAAAAAAAAAAAAAAAAA
AADBcRzJSCsAAABwilUWS2F0c2V2aWNoIGltcHJvdmVkLnBkZgAAAAAAAAAAAAAAAAAAAAAAAAA
AAAAAAAAAAAAAAAAAAAAAAAAAAAAAAHCKYMJBp3QAAAAAAAAAAAABAAIAAAkgAAAAAAAAAAAAAA
AAAAAAEWhlbGljYWwgQ1QgcGFwZXJzAAAQAAgAAMFxjUkAAAARAAgAAMJCCeQAAAABABQAcIpVA
HB+nwBwfWUAcHlaAABvGQACAE1iaXRib3g6VXNlcnM6aGFzc3I6RG9jdW1lbnRzOkNvdXJzZXM6
aGVsaWNhbCBDVCBwYXBlcnM6S2F0c2V2aWNoIGltcHJvdmVkLnBkZgAADgAuABYASwBhAHQAcwB
lAHYAaQBjAGgAIABpAG0AcAByAG8AdgBlAGQALgBwAGQAZgAPAA4ABgBiAGkAdABiAG8AeAASAE
ZVc2Vycy9oYXNzci9Eb2N1bWVudHMvQ291cnNlcy9oZWxpY2FsIENUIHBhcGVycy9LYXRzZXZpY
2ggaW1wcm92ZWQucGRmABMAAS8AABUAAgAM//8AANIeHyAhWCRjbGFzc2VzWiRjbGFzc25hbWWj
ISIjXU5TTXV0YWJsZURhdGFWTlNEYXRhWE5TT2JqZWN0XxArLi4vaGVsaWNhbCBDVCBwYXBlcnM
vS2F0c2V2aWNoIGltcHJvdmVkLnBkZtIeHyYnoicjXE5TRGljdGlvbmFyeQAIABEAGgAfACkAMg
A3ADoAPwBBAFMAXABiAGkAcAB4AIMAhQCIAIoAjACPAJEAkwCdAKoArwC3ALkCiQKOApcCogKmA
rQCuwLEAvIC9wL6AAAAAAAAAgEAAAAAAAAAKAAAAAAAAAAAAAAAAAAAAwc=}}

@article{izen,
	Author = {Steven H. Izen},
	Date-Added = {2008-05-13 19:05:12 -0700},
	Date-Modified = {2008-05-13 19:07:11 -0700},
	Journal = {Proceedings Of The American Mathematical Society},
	Month = {January},
	Number = {1},
	Pages = {269-276},
	Title = {A Fast Algorithm To Compute The $\pi$-Line Through Points Inside A Helix Cylinder},
	Volume = {135},
	Year = {2007},
	Bdsk-File-1 = {YnBsaXN0MDDUAQIDBAUGCQpYJHZlcnNpb25UJHRvcFkkYXJjaGl2ZXJYJG9iamVjdHMSAAGGoNE
HCFRyb290gAFfEA9OU0tleWVkQXJjaGl2ZXKoCwwXGBkdJCVVJG51bGzTDQ4PEBEUViRjbGFzc1
dOUy5rZXlzWk5TLm9iamVjdHOAB6ISE4ACgAOiFRaABIAGWWFsaWFzRGF0YVxyZWxhdGl2ZVBhd
GjSDRobHFdOUy5kYXRhgAVPEQG4AAAAAAG4AAIAAAZiaXRib3gAAAAAAAAAAAAAAAAAAAAAAAAA
AADBcRzJSCsAAABwilURZmFzdCBwaSBsaW5lcy5wZGYAAAAAAAAAAAAAAAAAAAAAAAAAAAAAAAA
AAAAAAAAAAAAAAAAAAAAAAAAAAAAAAHCKX8RJC1IAAAAAAAAAAAABAAIAAAkgAAAAAAAAAAAAAA
AAAAAAEWhlbGljYWwgQ1QgcGFwZXJzAAAQAAgAAMFxjUkAAAARAAgAAMRJbcIAAAABABQAcIpVA
HB+nwBwfWUAcHlaAABvGQACAEhiaXRib3g6VXNlcnM6aGFzc3I6RG9jdW1lbnRzOkNvdXJzZXM6
aGVsaWNhbCBDVCBwYXBlcnM6ZmFzdCBwaSBsaW5lcy5wZGYADgAkABEAZgBhAHMAdAAgAHAAaQA
gAGwAaQBuAGUAcwAuAHAAZABmAA8ADgAGAGIAaQB0AGIAbwB4ABIAQVVzZXJzL2hhc3NyL0RvY3
VtZW50cy9Db3Vyc2VzL2hlbGljYWwgQ1QgcGFwZXJzL2Zhc3QgcGkgbGluZXMucGRmAAATAAEvA
AAVAAIADP//AADSHh8gIVgkY2xhc3Nlc1okY2xhc3NuYW1loyEiI11OU011dGFibGVEYXRhVk5T
RGF0YVhOU09iamVjdF8QJi4uL2hlbGljYWwgQ1QgcGFwZXJzL2Zhc3QgcGkgbGluZXMucGRm0h4
fJieiJyNcTlNEaWN0aW9uYXJ5AAgAEQAaAB8AKQAyADcAOgA/AEEAUwBcAGIAaQBwAHgAgwCFAI
gAigCMAI8AkQCTAJ0AqgCvALcAuQJ1AnoCgwKOApICoAKnArAC2QLeAuEAAAAAAAACAQAAAAAAA
AAoAAAAAAAAAAAAAAAAAAAC7g==}}

@book{500773,
	Author = {Frank Natterer},
	Date-Added = {2008-05-13 18:56:10 -0700},
	Date-Modified = {2008-05-13 18:56:10 -0700},
	Isbn = {0-89871-493-1},
	Publisher = {Society for Industrial and Applied Mathematics},
	Title = {The mathematics of computerized tomography},
	Year = {2001}}

@phdthesis{gratton,
	Author = {L. A. Gratton},
	Date-Added = {2008-05-13 18:56:03 -0700},
	Date-Modified = {2008-05-13 18:56:03 -0700},
	School = {Oregon State University},
	Title = {Nonuniform sampling problems in tomography},
	Year = {In Preparation}}

@incollection{CT,
	Author = {Adel Faridani},
	Booktitle = {Inside Out: Inverse Problems and Applications},
	Date-Added = {2008-05-13 18:55:53 -0700},
	Date-Modified = {2008-05-13 18:55:53 -0700},
	Editor = {Gunther Uhlmann},
	Pages = {1-46},
	Publisher = {Cambridge University Press},
	Series = {MSRI Publications},
	Title = {Introduction to the Mathematics of Computed Tomography},
	Url = {http://www.msri.org/publications/books/Book47/index.html},
	Volume = {47},
	Year = {2003},
	Bdsk-Url-1 = {http://www.msri.org/publications/books/Book47/index.html}}

@book{996195,
	Author = {John Benedetto and Ahmed I. Zayed and Ahmed L. Zayed},
	Date-Added = {2008-05-13 18:54:05 -0700},
	Date-Modified = {2008-05-13 18:54:05 -0700},
	Isbn = {0817643044},
	Publisher = {Birkhauser Boston},
	Title = {Sampling, Wavelets, and Tomography (Applied and Numerical Harmonic Analysis)},
	Year = {2003}}

@comment{BibDesk URL Groups{
<?xml version="1.0" encoding="UTF-8"?>
<!DOCTYPE plist PUBLIC "-//Apple//DTD PLIST 1.0//EN" "http://www.apple.com/DTDs/PropertyList-1.0.dtd">
<plist version="1.0">
<array>
	<dict>
		<key>URL</key>
		<string>file://localhost/Users/hassr/Downloads/1742-6596-124-1-012024.bib</string>
		<key>group name</key>
		<string>1742-6596-124-1-012024.bib</string>
	</dict>
</array>
</plist>
}}
